{
  "leader": "02207cam a2200481Ii 4500",
  "fields": [
    {
      "001": "ocm00501133\\"
    },
    {
      "003": "OCoLC"
    },
    {
      "005": "20220701134650.0"
    },
    {
      "008": "721122s1955\\\\\\\\dcu\\\\\\\\\\\\b\\\\\\f000\\0\\eng\\c"
    },
    {
      "010": {
        "ind1": "\\",
        "ind2": "\\",
        "subfields": [
          {
            "a": "   55061479 "
          }
        ]
      }
    },
    {
      "040": {
        "ind1": "\\",
        "ind2": "\\",
        "subfields": [
          {
            "a": "WSU"
          },
          {
            "b": "eng"
          },
          {
            "c": "WSU"
          },
          {
            "d": "KEN"
          },
          {
            "d": "OCLCQ"
          },
          {
            "d": "AGL"
          },
          {
            "d": "AU@"
          },
          {
            "d": "BUF"
          },
          {
            "d": "OCLCF"
          },
          {
            "d": "OCLCO"
          },
          {
            "d": "MUM"
          },
          {
            "d": "OCLCQ"
          },
          {
            "d": "OCLCO"
          },
          {
            "d": "VPI"
          },
          {
            "d": "NLC"
          },
          {
            "d": "OCLCQ"
          },
          {
            "d": "STF"
          },
          {
            "d": "VVC"
          },
          {
            "d": "N15"
          },
          {
            "d": "WIH"
          },
          {
            "d": "OKS"
          },
          {
            "d": "OCLCQ"
          },
          {
            "d": "OCLCO"
          }
        ]
      }
    },
    {
      "016": {
        "ind1": "\\",
        "ind2": "\\",
        "subfields": [
          {
            "a": "(AMICUS)000015118203"
          }
        ]
      }
    },
    {
      "016": {
        "ind1": "7",
        "ind2": "\\",
        "subfields": [
          {
            "a": "CAT10996093"
          },
          {
            "2": "DNAL"
          }
        ]
      }
    },
    {
      "019": {
        "ind1": "\\",
        "ind2": "\\",
        "subfields": [
          {
            "a": "77750667"
          },
          {
            "a": "897862250"
          },
          {
            "a": "1019456207"
          },
          {
            "a": "1049783457"
          }
        ]
      }
    },
    {
      "035": {
        "ind1": "\\",
        "ind2": "\\",
        "subfields": [
          {
            "a": "(OCoLC)501133"
          },
          {
            "z": "(OCoLC)77750667"
          },
          {
            "z": "(OCoLC)897862250"
          },
          {
            "z": "(OCoLC)1019456207"
          },
          {
            "z": "(OCoLC)1049783457"
          }
        ]
      }
    },
    {
      "043": {
        "ind1": "\\",
        "ind2": "\\",
        "subfields": [
          {
            "a": "n-us---"
          }
        ]
      }
    },
    {
      "050": {
        "ind1": "0",
        "ind2": "0",
        "subfields": [
          {
            "a": "JK2408"
          },
          {
            "b": ".G66"
          }
        ]
      }
    },
    {
      "050": {
        "ind1": "1",
        "ind2": "4",
        "subfields": [
          {
            "a": "HJ275.2"
          },
          {
            "b": ".S87 1955"
          }
        ]
      }
    },
    {
      "070": {
        "ind1": "0",
        "ind2": "\\",
        "subfields": [
          {
            "a": "173"
          },
          {
            "b": "In8272I"
          }
        ]
      }
    },
    {
      "072": {
        "ind1": "\\",
        "ind2": "0",
        "subfields": [
          {
            "a": "X800"
          }
        ]
      }
    },
    {
      "072": {
        "ind1": "\\",
        "ind2": "0",
        "subfields": [
          {
            "a": "X700"
          }
        ]
      }
    },
    {
      "074": {
        "ind1": "\\",
        "ind2": "\\",
        "subfields": [
          {
            "a": "1067-C"
          }
        ]
      }
    },
    {
      "082": {
        "ind1": "0",
        "ind2": "4",
        "subfields": [
          {
            "a": "353.9"
          },
          {
            "b": "GOV"
          }
        ]
      }
    },
    {
      "110": {
        "ind1": "2",
        "ind2": "\\",
        "subfields": [
          {
            "a": "Governmental Affairs Institute (U.S.)"
          }
        ]
      }
    },
    {
      "245": {
        "ind1": "1",
        "ind2": "2",
        "subfields": [
          {
            "a": "A survey report on the impact of Federal grants-in-aid on the structure and functions of State and local governments :"
          },
          {
            "b": "submitted to the Commission on Intergovernmental Relations /"
          },
          {
            "c": "by Governmental Affairs Institute."
          }
        ]
      }
    },
    {
      "260": {
        "ind1": "\\",
        "ind2": "\\",
        "subfields": [
          {
            "a": "Washington, D.C. :"
          },
          {
            "b": "For sale by the Supt. of Docs., U.S. G.P.O.,"
          },
          {
            "c": "1955."
          }
        ]
      }
    },
    {
      "300": {
        "ind1": "\\",
        "ind2": "\\",
        "subfields": [
          {
            "a": "vii, 489 pages ;"
          },
          {
            "c": "24 cm"
          }
        ]
      }
    },
    {
      "336": {
        "ind1": "\\",
        "ind2": "\\",
        "subfields": [
          {
            "a": "text"
          },
          {
            "b": "txt"
          },
          {
            "2": "rdacontent"
          }
        ]
      }
    },
    {
      "337": {
        "ind1": "\\",
        "ind2": "\\",
        "subfields": [
          {
            "a": "unmediated"
          },
          {
            "b": "n"
          },
          {
            "2": "rdamedia"
          }
        ]
      }
    },
    {
      "338": {
        "ind1": "\\",
        "ind2": "\\",
        "subfields": [
          {
            "a": "volume"
          },
          {
            "b": "nc"
          },
          {
            "2": "rdacarrier"
          }
        ]
      }
    },
    {
      "500": {
        "ind1": "\\",
        "ind2": "\\",
        "subfields": [
          {
            "a": "\"June 1955.\""
          }
        ]
      }
    },
    {
      "504": {
        "ind1": "\\",
        "ind2": "\\",
        "subfields": [
          {
            "a": "Includes bibliographical references."
          }
        ]
      }
    },
    {
      "650": {
        "ind1": "\\",
        "ind2": "0",
        "subfields": [
          {
            "a": "Federal government"
          },
          {
            "z": "United States."
          }
        ]
      }
    },
    {
      "650": {
        "ind1": "\\",
        "ind2": "0",
        "subfields": [
          {
            "a": "Grants-in-aid"
          },
          {
            "z": "United States."
          }
        ]
      }
    },
    {
      "650": {
        "ind1": "\\",
        "ind2": "7",
        "subfields": [
          {
            "a": "Federal government."
          },
          {
            "2": "fast"
          },
          {
            "0": "(OCoLC)fst00922333"
          }
        ]
      }
    },
    {
      "650": {
        "ind1": "\\",
        "ind2": "7",
        "subfields": [
          {
            "a": "Grants-in-aid."
          },
          {
            "2": "fast"
          },
          {
            "0": "(OCoLC)fst00946429"
          }
        ]
      }
    },
    {
      "651": {
        "ind1": "\\",
        "ind2": "7",
        "subfields": [
          {
            "a": "United States."
          },
          {
            "2": "fast"
          },
          {
            "0": "(OCoLC)fst01204155"
          }
        ]
      }
    },
    {
      "710": {
        "ind1": "1",
        "ind2": "\\",
        "subfields": [
          {
            "a": "United States."
          },
          {
            "b": "Commission on Intergovernmental Relations."
          }
        ]
      }
    },
    {
      "740": {
        "ind1": "0",
        "ind2": "\\",
        "subfields": [
          {
            "a": "Impact of Federal grants-in-aid on the structure and functions of State and local governments."
          }
        ]
      }
    },
    {
      "776": {
        "ind1": "0",
        "ind2": "8",
        "subfields": [
          {
            "i": "Online version:"
          },
          {
            "a": "Governmental Affairs Institute (U.S.)."
          },
          {
            "t": "Survey report on the impact of Federal grants-in-aid on the structure and functions of State and local governments."
          },
          {
            "d": "[Washington, U.S. Govt. Print. Off.] 1955"
          },
          {
            "w": "(OCoLC)576883269"
          }
        ]
      }
    },
    {
      "994": {
        "ind1": "\\",
        "ind2": "\\",
        "subfields": [
          {
            "a": "Z0"
          },
          {
            "b": "NYRVC"
          }
        ]
      }
    },
    {
      "948": {
        "ind1": "\\",
        "ind2": "\\",
        "subfields": [
          {
            "h": "NO HOLDINGS IN NYRVC - 167 OTHER HOLDINGS"
          }
        ]
      }
    },
    {
      "999": {
        "ind1": "\\",
        "ind2": "\\",
        "subfields": [
          {
            "a": "00000000014314"
          }
        ]
      }
    }
  ]
}